<record><leader>00000cas a22000007a 4500</leader><controlfield tag="001">17942595</controlfield><controlfield tag="008">880512d18871918pauwr ne      0    0eng d</controlfield><datafield ind1=" " ind2=" " tag="010"><subfield code="a">sn 88080738 </subfield></datafield><datafield ind1=" " ind2=" " tag="040"><subfield code="a">NPH</subfield><subfield code="b">eng</subfield><subfield code="c">NPH</subfield><subfield code="d">OCLCQ</subfield></datafield><datafield ind1=" " ind2=" " tag="042"><subfield code="a">msc</subfield></datafield><datafield ind1="0" ind2="4" tag="245"><subfield code="a">The Wilkinsburg call.</subfield></datafield><datafield ind1=" " ind2=" " tag="260"><subfield code="a">Wilkinsburg, Pa. :</subfield><subfield code="b">A.K. Milvey</subfield></datafield><datafield ind1=" " ind2=" " tag="300"><subfield code="a">v.</subfield></datafield><datafield ind1=" " ind2=" " tag="310"><subfield code="a">Weekly</subfield></datafield><datafield ind1="1" ind2=" " tag="362"><subfield code="a">Began in 1887; ceased in 1918.</subfield></datafield><datafield ind1=" " ind2=" " tag="500"><subfield code="a">Publisher: T. Morgan Silvey, &lt;1915&gt;.</subfield></datafield><datafield ind1=" " ind2=" " tag="588"><subfield code="a">Description based on: Vol. 2, no. 21 (June 21, 1888).</subfield></datafield><datafield ind1=" " ind2=" " tag="752"><subfield code="a">United States</subfield><subfield code="b">Pennsylvania</subfield><subfield code="c">Allegheny</subfield><subfield code="d">Wilkinsburg.</subfield></datafield><datafield ind1="0" ind2="7" tag="785"><subfield code="a">Wilkinsburg sentinel (Wilkinsburg, Pa. : 1916)</subfield><subfield code="w">(DLC)sn 85054852</subfield></datafield><datafield ind1="0" ind2="7" tag="785"><subfield code="a">Wilkinsburg sentinel the Wilkinsburg call</subfield><subfield code="w">(DLC)sn 88080737</subfield></datafield></record>